@article{NAEP2002,
  title={Fourth-Grade Students Reading Aloud: NAEP 2002 Special Study of Oral Reading. The Nation's Report Card. NCES 2006-469.},
  author={Danne, Mary C and Campbell, Jay R and Grigg, Wendy S and Goodman, Madeline J and Oranje, Andreas},
  journal={National Center for Education Statistics},
  year={2005},
  url={https://files.eric.ed.gov/fulltext/ED488962.pdf},
  publisher={ERIC}
}
@article{rasinski2009,
  title={Reading fluency: More than automaticity? More than a concern for the primary grades?},
  author={Rasinski, Timothy and Rikli, Andrew and Johnston, Susan},
  journal={Literacy Research and Instruction},
  volume={48},
  number={4},
  pages={350--361},
  year={2009},
  doi={10.1080/19388070802468715},
  publisher={Taylor \& Francis}
}
