@inproceedings{hauptmann1994,
  title={\href{https://aclanthology.org/H94-1044.pdf}{A prototype reading coach that listens: summary of project LISTEN}},
  author={Hauptmann, Alexander G and Mostow, Jack and Roth, Steven and Kane, Matthew and Swift, Adam},
  booktitle={Human Language Technology: Proceedings of a Workshop held at Plainsboro, New Jersey, March 8-11, 1994},
  year={1994}
}
@article{bolanos2013speechcom,
  title={\href{https://www.sciencedirect.com/science/article/abs/pii/S0167639312000933}{Automatic assessment of expressive oral reading}},
  author={Bolanos, Daniel and Cole, Ronald A and Ward, Wayne H and Tindal, Gerald A and Schwanenflugel, Paula J and Kuhn, Melanie R},
  journal={Speech Communication},
  volume={55},
  number={2},
  pages={221--236},
  year={2013},
  publisher={Elsevier}
}
@article{bolanos2013jep,
  title={\href{https://psycnet.apa.org/buy/2013-31540-001}{Human and automated assessment of oral reading fluency.}},
  author={Bola{\~n}os, Daniel and Cole, Ron A and Ward, Wayne H and Tindal, Gerald A and Hasbrouck, Jan and Schwanenflugel, Paula J},
  journal={Journal of educational psychology},
  volume={105},
  number={4},
  pages={1142},
  year={2013},
  publisher={American Psychological Association}
}
@article{delatorre2018,
  title={\href{https://www.sciencedirect.com/science/article/abs/pii/S0167865517301666}{Weighted kappa loss function for multi-class classification of ordinal data in deep learning}},
  author={{de la Torre}, Jordi and Puig, Domenec and Valls, Aida},
  journal={Pattern Recognition Letters},
  volume={105},
  pages={144--154},
  year={2018},
  publisher={Elsevier}
}
@inproceedings{snyder2018,
  title={\href{https://ieeexplore.ieee.org/document/8461375}{X-vectors: Robust dnn embeddings for speaker recognition}},
  author={Snyder, David and Garcia-Romero, Daniel and Sell, Gregory and Povey, Daniel and Khudanpur, Sanjeev},
  booktitle={2018 IEEE international conference on acoustics, speech and signal processing (ICASSP)},
  pages={5329--5333},
  year={2018},
  organization={IEEE}
}
@article{okabe2018,
  title={\href{https://arxiv.org/pdf/1803.10963.pdf}{Attentive statistics pooling for deep speaker embedding}},
  author={Okabe, Koji and Koshinaka, Takafumi and Shinoda, Koichi},
  journal={arXiv preprint arXiv:1803.10963},
  year={2018}
}
@article{alonzo2007prf,
  title={\href{https://www.brtprojects.org/wp-content/uploads/2016/05/TechRpt40_DevWrdPassFluency.pdf}{The development of word and passage reading fluency measures for use in a progress monitoring assessment system. Technical Report \#40.}},
  author={Alonzo, Julie and Tindal, Gerald},
  journal={Behavioral Research and Teaching. University of Oregon, Eugene},
  year={2007}
}
@article{alonzo2007rc,
  title={\href{https://www.brtprojects.org/wp-content/uploads/2016/05/TechRpt41_TechAdeqRdgComp.pdf}{Examining the Technical Adequacy of Reading Comprehension Measures in a Progress Monitoring Assessment System. Technical Report \#41.}},
  author={Alonzo, Julie and Liu, Kimy and Tindal, Gerald},
  journal={Behavioral Research and Teaching. University of Oregon, Eugene},
  year={2007}
}
@inproceedings{he2016,
  title={\href{https://link.springer.com/chapter/10.1007/978-3-319-46493-0_38}{Identity mappings in deep residual networks}},
  author={He, Kaiming and Zhang, Xiangyu and Ren, Shaoqing and Sun, Jian},
  booktitle={European conference on computer vision},
  pages={630--645},
  year={2016},
  organization={Springer}
}
@article{eyben2015,
  title={\href{https://ieeexplore.ieee.org/stamp/stamp.jsp?arnumber=7160715}{The Geneva minimalistic acoustic parameter set (GeMAPS) for voice research and affective computing}},
  author={Eyben, Florian and Scherer, Klaus R and Schuller, Bj{\"o}rn W and Sundberg, Johan and Andr{\'e}, Elisabeth and Busso, Carlos and Devillers, Laurence Y and Epps, Julien and Laukka, Petri and Narayanan, Shrikanth S and others},
  journal={IEEE transactions on affective computing},
  volume={7},
  number={2},
  pages={190--202},
  year={2015},
  publisher={IEEE}
}
@inproceedings{schuller2014,
  title={\href{https://mediatum.ub.tum.de/doc/1238146/file.pdf}{The interspeech 2014 computational paralinguistics challenge: Cognitive \& physical load, multitasking}},
  author={Schuller, Bj{\"o}rn and Steidl, Stefan and Batliner, Anton and Epps, Julien and Eyben, Florian and Ringeval, Fabien and Marchi, Erik and Zhang, Yue},
  booktitle={Proceedings INTERSPEECH 2014, 15th Annual Conference of the International Speech Communication Association, Singapore},
  year={2014}
}
@article{ananthakrishnan2009,
  title={\href{https://ieeexplore.ieee.org/document/4740157}{Unsupervised adaptation of categorical prosody models for prosody labeling and speech recognition}},
  author={Ananthakrishnan, Sankaranarayanan and Narayanan, Shrikanth},
  journal={IEEE transactions on audio, speech, and language processing},
  volume={17},
  number={1},
  pages={138--149},
  year={2009},
  publisher={IEEE}
}
@article{mostow2009,
  title={\href{https://www.scs.cmu.edu/afs/cs.cmu.edu/Web/People/listen2/pdfs/AIED2009-expressiveness-final.pdf}{Automated Assessment of Oral Reading Prosody}},
  author={Mostow, Jack and Duong, Minh},
  journal={Artificial Intelligence in Education: Building Learning Systems that Care: From Knowledge Representation to Affective Modelling},
  volume={200},
  pages={189},
  year={2009},
  publisher={IOS Press}
}
@article{duong2011,
  title={\href{https://dl.acm.org/doi/pdf/10.1145/1998384.1998388}{Two methods for assessing oral reading prosody}},
  author={Duong, Minh and Mostow, Jack and Sitaram, Sunayana},
  journal={ACM Transactions on Speech and Language Processing (TSLP)},
  volume={7},
  number={4},
  pages={1--22},
  year={2011},
  publisher={ACM New York, NY, USA}
}
@inproceedings{sitaram2012,
  title={\href{https://d1wqtxts1xzle7.cloudfront.net/45516487/Mining_Data_from_Project_LISTENs_Readin20160510-13015-jst7kk-with-cover-page-v2.pdf?Expires=1645046594&Signature=BQ09uDeRiRxxrY2JFKAaQwsLB30FX74AYr6mdJqV-4j7XMi3UEKqXoIYQlTsdakLi~zYboRz8xfC~tDqsx9gBoELVd3sLmdObo-RGZ3BXX9cckGvZscf2mYkOA5TOGeJ~1N1WNFxBOkNDhdgNuRJdMOlb2DSBOBerlQp0eTZ12X9sAjxzhMvIlAUMiutGv43tX7vIBl7pT36Kl~YcVctDgewzqjkIWWxiVocay0hOTYnaAHj4uxeEjTCgyxRRrsOs9S70HXDXy3~YM1b3qmj5jIqQeF6aRTXAmIyAEBlvRqYoTjpYQgkGD59o71HMCuTfcM3BIiwiLjHfhIFNhE-uA__&Key-Pair-Id=APKAJLOHF5GGSLRBV4ZA}{Mining Data from Project LISTEN's Reading Tutor to Analyze Development of Children's Oral Reading Prosody.}},
  author={Sitaram, Sunayana and Mostow, Jack},
  booktitle={FLAIRS Conference},
  year={2012}
}
@inproceedings{duong2010,
  title={\href{https://www.isca-speech.org/archive_v0/archive_papers/interspeech_2010/i10_0769.pdf}{Adapting a Duration Synthesis Model to Rate Children's Oral Reading Prosody}},
  author={Duong, Minh and Mostow, Jack},
  booktitle={Eleventh Annual Conference of the International Speech Communication Association},
  year={2010}
}
@article{sabu2018,
  title={\href{https://www.ee.iitb.ac.in/course/~daplab/publications/2018/ks-pr_springer_2018.pdf}{Automatic assessment of childrenâ€™s oral reading using speech recognition and prosody modeling}},
  author={Sabu, Kamini and Rao, Preeti},
  journal={CSI Transactions on ICT},
  volume={6},
  number={2},
  pages={221--225},
  year={2018},
  publisher={Springer}
}
@article{white2021,
  title={\href{https://files.eric.ed.gov/fulltext/ED612204.pdf}{The 2018 NAEP Oral Reading Fluency Study.}},
  author={White, Sheida and Sabatini, John and Park, Bitnara Jasmine and Chen, Jing and Bernstein, Jared and Li, Mengyi},
  journal={National Center for Education Statistics},
  year={2021},
  publisher={ERIC}
}
@article{hallgren2012,
  title={\href{https://www.ncbi.nlm.nih.gov/pmc/articles/PMC3402032/pdf/nihms372951.pdf}{Computing inter-rater reliability for observational data: an overview and tutorial}},
  author={Hallgren, Kevin A},
  journal={Tutorials in quantitative methods for psychology},
  volume={8},
  number={1},
  pages={23},
  year={2012},
  publisher={NIH Public Access}
}
@article{gisev2013,
  title={\href{https://www.sciencedirect.com/science/article/pii/S1551741112000642?casa_token=JlNWFmE6aXEAAAAA:kpcOnhgaA0IrC3LZ7b0qZW2pfNy6F7QUC6uMwed9AJhTY9XFZ5LKs7HtL1TuLcrWGyuWOKM}{Interrater agreement and interrater reliability: key concepts, approaches, and applications}},
  author={Gisev, Natasa and Bell, J Simon and Chen, Timothy F},
  journal={Research in Social and Administrative Pharmacy},
  volume={9},
  number={3},
  pages={330--338},
  year={2013},
  publisher={Elsevier}
}
@article{weninger2013,
  title={\href{https://www.frontiersin.org/articles/10.3389/fpsyg.2013.00292/full}{On the acoustics of emotion in audio: what speech, music, and sound have in common}},
  author={Weninger, Felix and Eyben, Florian and Schuller, Bj{\"o}rn W and Mortillaro, Marcello and Scherer, Klaus R},
  journal={Frontiers in psychology},
  volume={4},
  pages={292},
  year={2013},
  publisher={Frontiers}
}
@article{loshchilov2016sgdr,
  title={\href{https://arxiv.org/pdf/1608.03983.pdf?ref=https://githubhelp.com}{Sgdr: Stochastic gradient descent with warm restarts}},
  author={Loshchilov, Ilya and Hutter, Frank},
  journal={arXiv preprint arXiv:1608.03983},
  year={2016}
}
@article{loshchilov2017decay,
  title={\href{https://arxiv.org/pdf/1711.05101.pdf]}{Decoupled weight decay regularization}},
  author={Loshchilov, Ilya and Hutter, Frank},
  journal={arXiv preprint arXiv:1711.05101},
  year={2017}
}
@article{danne2005,
  title={\href{https://files.eric.ed.gov/fulltext/ED488962.pdf}{Fourth-Grade Students Reading Aloud: NAEP 2002 Special Study of Oral Reading.}},
  author={Danne, Mary C and Campbell, Jay R and Grigg, Wendy S and Goodman, Madeline J and Oranje, Andreas},
  journal={National Center for Education Statistics},
  year={2005},
  publisher={ERIC}
}
@Manual{kableExtra,
  title = {\href{https://CRAN.R-project.org/package=kableExtra}{kableExtra: Construct Complex Table with 'kable' and Pipe Syntax}},
  author = {Hao Zhu},
  year = {2021},
  note = {R package version 1.3.4},
}
@Manual{distill,
  title = {\href{https://CRAN.R-project.org/package=distill}{distill: 'R Markdown' Format for Scientific and Technical Writing}},
  author = {JJ Allaire and Rich Iannone and Alison {Presmanes Hill} and Yihui Xie},
  year = {2021},
  note = {R package version 1.2}
}
@Article{tidyverse,
  title = {\href{https://joss.theoj.org/papers/10.21105/joss.01686}{Welcome to the {tidyverse}}},
  author = {Hadley Wickham and Mara Averick and Jennifer Bryan and Winston Chang and Lucy D'Agostino McGowan and Romain FranÃ§ois and Garrett Grolemund and Alex Hyes and Lionel Henry and Jim Hester and Max Kuhn and Thomas Lin Pedersen and Evan Miller and Stephan Milton Bache and Kirill MÃ¼ller and Jeroen Ooms and David Rbinson and Dana Paige Seidel and Vitalie Spinu and Kohske Takahashi and Davis Vaughan and Claus Wilke and Kara Woo and Hiroaki Yutani},
  year = {2019},
  journal = {Journal of Open Source Software},
  volume = {4},
  number = {43},
  pages = {1686}
}
@Manual{Rcoreteam,
  title = {\href{https://www.R-project.org/}{R: A Language and Environment for Statistical Computing}},
  author = {{R Core Team}},
  organization = {R Foundation for Statistical Computing},
  address = {Vienna, Austria},
  year = {2021}
}